@misc{kaggle_comp,
    key = {Kaggle},
    title     = {Happywhale - Whale and Dolphin Identification},
    howpublished = {Website},
    url       = {https://www.kaggle.com/competitions/happy-whale-and-dolphin}
}

@misc{cropped_dataset_kaggle,
    key = {Cropped_Dataset_Kaggle},
    title     = {Happywhale: Cropped Data Prepare YOLOv5},
    howpublished = {Website},
    url       = {https://www.kaggle.com/competitions/happy-whale-and-dolphin}
}

@misc{whale_fluke_dataset,
    key = {Whale_Fluke_Dataset},
    title     = {Whale Fluke Location Labelled Dataset},
    howpublished = {Website},
    url       = {https://www.kaggle.com/datasets/martinpiotte/humpback-whale-identification-fluke-location}
}

@misc{kingma2017adam,
      title={Adam: A Method for Stochastic Optimization}, 
      author={Diederik P. Kingma and Jimmy Ba},
      year={2017},
      eprint={1412.6980},
      archivePrefix={arXiv},
      primaryClass={cs.LG}
}
